@article{Gunasekar2023,
   author = {Suriya Gunasekar and Yi Zhang and Jyoti Aneja and Caio César and Teodoro Mendes and Allie Del Giorno and Sivakanth Gopi and Mojan Javaheripi and Piero Kauffmann and Gustavo De and Rosa Olli and Saarikivi Adil and Salim Shital and Shah Harkirat and Singh Behl and Xin Wang and Sébastien Bubeck and Ronen Eldan and Adam Tauman and Kalai Yin and Tat Lee and Yuanzhi Li},
   month = {6},
   title = {Textbooks Are All You Need},
   url = {https://arxiv.org/abs/2306.11644v1},
   year = {2023},
}

@inproceedings{Wu2021b,
    title = "Unified Dual-view Cognitive Model for Interpretable Claim Verification",
    author = "Wu, Lianwei  and
      Rao, Yuan  and
      Lan, Yuqian  and
      Sun, Ling  and
      Qi, Zhaoyin",
    booktitle = "Proceedings of the 59th Annual Meeting of the Association for Computational Linguistics and the 11th International Joint Conference on Natural Language Processing (Volume 1: Long Papers)",
    month = aug,
    year = "2021",
    address = "Online",
    publisher = "Association for Computational Linguistics",
    url = "https://aclanthology.org/2021.acl-long.5",
    doi = "10.18653/v1/2021.acl-long.5",
    pages = "59--68",
}

@inproceedings{Wu2021,
author = {Wu, Lianwei and Rao, Yuan and Yang, Xiong and Wang, Wanzhen and Nazir, Ambreen},
title = {Evidence-Aware Hierarchical Interactive Attention Networks for Explainable Claim Verification},
year = {2021},
isbn = {9780999241165},
booktitle = {Proceedings of the Twenty-Ninth International Joint Conference on Artificial Intelligence},
articleno = {193},
numpages = {7},
location = {Yokohama, Yokohama, Japan},
series = {IJCAI'20}
}

@inproceedings{Ma2019,
    title = "Sentence-Level Evidence Embedding for Claim Verification with Hierarchical Attention Networks",
    author = "Ma, Jing  and
      Gao, Wei  and
      Joty, Shafiq  and
      Wong, Kam-Fai",
    booktitle = "Proceedings of the 57th Annual Meeting of the Association for Computational Linguistics",
    month = jul,
    year = "2019",
    address = "Florence, Italy",
    publisher = "Association for Computational Linguistics",
    url = "https://aclanthology.org/P19-1244",
    doi = "10.18653/v1/P19-1244",
    pages = "2561--2571",
}

@article{Zhang2019,
   author = {Xueyao Zhang and Juan Cao and Xirong Li and Qiang Sheng and Lei Zhong and Kai Shu},
   doi = {10.1145/3442381.3450004},
   journal = {The Web Conference 2021 - Proceedings of the World Wide Web Conference, WWW 2021},
   month = {3},
   pages = {3465-3476},
   publisher = {Association for Computing Machinery, Inc},
   title = {Mining Dual Emotion for Fake News Detection},
   url = {http://arxiv.org/abs/1903.01728 http://dx.doi.org/10.1145/3442381.3450004},
   year = {2019},
}

@inproceedings{Giachanou2019,
author = {Giachanou, Anastasia and Rosso, Paolo and Crestani, Fabio},
title = {Leveraging Emotional Signals for Credibility Detection},
year = {2019},
isbn = {9781450361729},
publisher = {Association for Computing Machinery},
address = {New York, NY, USA},
url = {https://doi.org/10.1145/3331184.3331285},
doi = {10.1145/3331184.3331285},
booktitle = {Proceedings of the 42nd International ACM SIGIR Conference on Research and Development in Information Retrieval},
pages = {877–880},
numpages = {4},
keywords = {fake news detection, emotional signals, LSTM, credibility detection},
location = {Paris, France},
series = {SIGIR'19}
}

@article{Chandra2020,
   author = {Shantanu Chandra and Pushkar Mishra and Helen Yannakoudakis and Madhav Nimishakavi and Marzieh Saeidi and Ekaterina Shutova},
   month = {8},
   title = {Graph-based Modeling of Online Communities for Fake News Detection},
   url = {https://arxiv.org/abs/2008.06274v4},
   year = {2020},
}

@article{Jin2021,
   author = {Yiqiao Jin and Xiting Wang and Ruichao Yang and Yizhou Sun and Wei Wang and Hao Liao and Xing Xie},
   doi = {10.1609/aaai.v36i5.20517},
   isbn = {1577358767},
   issn = {2159-5399},
   journal = {Proceedings of the 36th AAAI Conference on Artificial Intelligence, AAAI 2022},
   month = {9},
   pages = {5746-5754},
   publisher = {Association for the Advancement of Artificial Intelligence},
   title = {Towards Fine-Grained Reasoning for Fake News Detection},
   volume = {36},
   url = {https://arxiv.org/abs/2110.15064v4},
   year = {2021},
}

@article{Liu2017,
   author = {Qiang Liu and Feng Yu and Shu Wu and Liang Wang},
   doi = {10.1145/3173458},
   issn = {21576912},
   issue = {5},
   journal = {ACM Transactions on Intelligent Systems and Technology},
   keywords = {Attention model,Misinformation identification,Significant microblogs,Social media,Web mining},
   month = {6},
   publisher = {Association for Computing Machinery},
   title = {Mining Significant Microblogs for Misinformation Identification: An Attention-based Approach},
   volume = {9},
   url = {https://arxiv.org/abs/1706.06314v1},
   year = {2017},
}

@inproceedings{Vo2018,
author = {Vo, Nguyen and Lee, Kyumin},
title = {The Rise of Guardians: Fact-Checking URL Recommendation to Combat Fake News},
year = {2018},
isbn = {9781450356572},
publisher = {Association for Computing Machinery},
address = {New York, NY, USA},
url = {https://doi.org/10.1145/3209978.3210037},
doi = {10.1145/3209978.3210037},
booktitle = {The 41st International ACM SIGIR Conference on Research \& Development in Information Retrieval},
pages = {275–284},
numpages = {10},
keywords = {fake news, fact checking, url recommendation, misinformation},
location = {Ann Arbor, MI, USA},
series = {SIGIR '18}
}

@inproceedings{Volkova2017,
    title = "Separating Facts from Fiction: Linguistic Models to Classify Suspicious and Trusted News Posts on {T}witter",
    author = "Volkova, Svitlana  and
      Shaffer, Kyle  and
      Jang, Jin Yea  and
      Hodas, Nathan",
    booktitle = "Proceedings of the 55th Annual Meeting of the Association for Computational Linguistics (Volume 2: Short Papers)",
    month = jul,
    year = "2017",
    address = "Vancouver, Canada",
    publisher = "Association for Computational Linguistics",
    url = "https://aclanthology.org/P17-2102",
    doi = "10.18653/v1/P17-2102",
    pages = "647--653",
}

@inproceedings{Yu2017,
  author    = {Feng Yu and Qiang Liu and Shu Wu and Liang Wang and Tieniu Tan},
  title     = {A Convolutional Approach for Misinformation Identification},
  booktitle = {Proceedings of the Twenty-Sixth International Joint Conference on
               Artificial Intelligence, {IJCAI-17}},
  pages     = {3901--3907},
  year      = {2017},
  doi       = {10.24963/ijcai.2017/545},
  url       = {https://doi.org/10.24963/ijcai.2017/545},
}

@inproceedings{Ajao2019,
  author={Ajao, Oluwaseun and Bhowmik, Deepayan and Zargari, Shahrzad},
  booktitle={ICASSP 2019 - 2019 IEEE International Conference on Acoustics, Speech and Signal Processing (ICASSP)}, 
  title={Sentiment Aware Fake News Detection on Online Social Networks}, 
  year={2019},
  volume={},
  number={},
  pages={2507-2511},
  doi={10.1109/ICASSP.2019.8683170}
}

@inproceedings{Benamira2019,
  author={Benamira, Adrien and Devillers, Benjamin and Lesot, Etienne and Ray, Ayush K. and Saadi, Manal and Malliaros, Fragkiskos D.},
  booktitle={2019 IEEE/ACM International Conference on Advances in Social Networks Analysis and Mining (ASONAM)}, 
  title={Semi-Supervised Learning and Graph Neural Networks for Fake News Detection}, 
  year={2019},
  volume={},
  number={},
  pages={568-569},
  doi={10.1145/3341161.3342958}
}

@inproceedings{Popat2016,
author = {Popat, Kashyap and Mukherjee, Subhabrata and Str\"{o}tgen, Jannik and Weikum, Gerhard},
title = {Credibility Assessment of Textual Claims on the Web},
year = {2016},
isbn = {9781450340731},
publisher = {Association for Computing Machinery},
address = {New York, NY, USA},
url = {https://doi.org/10.1145/2983323.2983661},
doi = {10.1145/2983323.2983661},
booktitle = {Proceedings of the 25th ACM International on Conference on Information and Knowledge Management},
pages = {2173–2178},
numpages = {6},
keywords = {text mining, rumor and hoax detection, credibility analysis},
location = {Indianapolis, Indiana, USA},
series = {CIKM '16}
}

@inproceedings{Daniel2009,
            year = {2009},
         address = {University of Westminster, London},
          author = {Anna Daniel and Terry Flew and Christina Spurgeon},
           month = {9},
       booktitle = {Transforming Audiences 2 ; Creativity, Knowledge, Participation},
           title = {User behaviours and intentions with digital news media in Australia},
        keywords = {Internet, young adults, online audiences, digital news, new media users},
             url = {https://eprints.qut.edu.au/27376/},
}

@inproceedings{Cohen2011,
author = {Cohen, Sarah and Li, Chengkai and Yang, Jun and Yu, Cong},
year = {2011},
month = {04},
pages = {148-151},
title = {Computational Journalism: A Call to Arms to Database Researchers}
}

@article{Flew2012,
       publisher = {Routledge},
            year = {2012},
         journal = {Journalism Practice},
           pages = {157--171},
           title = {The promise of computational journalism},
          volume = {6},
          author = {Terry Flew and Christina Spurgeon and Anna Daniel and Adam Swift},
          number = {2},
        keywords = {citizen journalism, computational journalism, data visualisation, data-based reporting, ubiquitous computing},
             url = {https://eprints.qut.edu.au/45743/},
             doi = {10.1080/17512786.2011.616655}
}

@inproceedings{Castillo2011,
author = {Castillo, Carlos and Mendoza, Marcelo and Poblete, Barbara},
title = {Information Credibility on Twitter},
year = {2011},
isbn = {9781450306324},
publisher = {Association for Computing Machinery},
address = {New York, NY, USA},
url = {https://doi.org/10.1145/1963405.1963500},
doi = {10.1145/1963405.1963500},
booktitle = {Proceedings of the 20th International Conference on World Wide Web},
pages = {675–684},
numpages = {10},
keywords = {social media credibility, twitter, social media analytics},
location = {Hyderabad, India},
series = {WWW '11}
}

@article{Richardson2019,
   author = {Kyle Richardson and Ashish Sabharwal},
   doi = {10.1162/tacl_a_00331},
   issn = {2307387X},
   journal = {Transactions of the Association for Computational Linguistics},
   month = {12},
   pages = {572-588},
   publisher = {MIT Press Journals},
   title = {What Does My QA Model Know? Devising Controlled Probes using Expert Knowledge},
   volume = {8},
   url = {https://arxiv.org/abs/1912.13337v2},
   year = {2019},
}

@article{Zhou2019,
   author = {Wenxuan Zhou and Junyi Du and Xiang Ren},
   month = {11},
   title = {Improving BERT Fine-tuning with Embedding Normalization},
   url = {https://arxiv.org/abs/1911.03918v2},
   year = {2019},
}

@article{Forbes2019,
   author = {Maxwell Forbes and Ari Holtzman and Yejin Choi},
   isbn = {0991196775},
   journal = {Proceedings of the 41st Annual Meeting of the Cognitive Science Society: Creativity + Cognition + Computation, CogSci 2019},
   keywords = {affordances,natural language,neural networks,physical commonsense},
   month = {8},
   pages = {1753-1759},
   publisher = {The Cognitive Science Society},
   title = {Do Neural Language Representations Learn Physical Commonsense?},
   url = {https://arxiv.org/abs/1908.02899v1},
   year = {2019},
}

@article{Ettinger2019,
   author = {Allyson Ettinger},
   doi = {10.1162/tacl_a_00298},
   issn = {2307387X},
   journal = {Transactions of the Association for Computational Linguistics},
   month = {7},
   pages = {34-48},
   publisher = {MIT Press Journals},
   title = {What BERT is not: Lessons from a new suite of psycholinguistic diagnostics for language models},
   volume = {8},
   url = {https://arxiv.org/abs/1907.13528v2},
   year = {2019},
}

@article{Rogers2020,
   author = {Anna Rogers and Olga Kovaleva and Anna Rumshisky},
   doi = {10.1162/tacl_a_00349},
   issn = {2307387X},
   journal = {Transactions of the Association for Computational Linguistics},
   month = {2},
   pages = {842-866},
   publisher = {MIT Press Journals},
   title = {A Primer in BERTology: What we know about how BERT works},
   volume = {8},
   url = {https://arxiv.org/abs/2002.12327v3},
   year = {2020},
}

@article{Chen2018,
   author = {Jianbo Chen and Le Song and Martin J. Wainwright and Michael I. Jordan},
   isbn = {1808.02610v1},
   journal = {7th International Conference on Learning Representations, ICLR 2019},
   month = {8},
   publisher = {International Conference on Learning Representations, ICLR},
   title = {L-Shapley and C-Shapley: Efficient Model Interpretation for Structured Data},
   url = {https://arxiv.org/abs/1808.02610v1},
   year = {2018},
}

@inproceedings{Kumar2020,
    author = {Kumar, I. Elizabeth and Venkatasubramanian, Suresh and Scheidegger, Carlos and Friedler, Sorelle A.},
    title = {Problems with Shapley-Value-Based Explanations as Feature Importance Measures},
    year = {2020},
    publisher = {JMLR.org},
    booktitle = {Proceedings of the 37th International Conference on Machine Learning},
    articleno = {509},
    numpages = {10},
    series = {ICML'20}
}


@InProceedings{Sundararajan2020,
  title = 	 {The Many Shapley Values for Model Explanation},
  author =       {Sundararajan, Mukund and Najmi, Amir},
  booktitle = 	 {Proceedings of the 37th International Conference on Machine Learning},
  pages = 	 {9269--9278},
  year = 	 {2020},
  editor = 	 {III, Hal Daumé and Singh, Aarti},
  volume = 	 {119},
  series = 	 {Proceedings of Machine Learning Research},
  month = 	 {7},
  publisher =    {PMLR},
  pdf = 	 {http://proceedings.mlr.press/v119/sundararajan20b/sundararajan20b.pdf},
  url = 	 {https://proceedings.mlr.press/v119/sundararajan20b.html},
}


@article{Merrick2019,
  author       = {Luke Merrick and
                  Ankur Taly},
  title        = {The Explanation Game: Explaining Machine Learning Models with Cooperative
                  Game Theory},
  journal      = {Lecture Notes in Computer Science (including subseries Lecture Notes in Artificial Intelligence and Lecture Notes in Bioinformatics)},
  volume       = {abs/1909.08128},
  year         = {2019},
  url          = {http://arxiv.org/abs/1909.08128},
  eprinttype    = {arXiv},
  eprint       = {1909.08128},
  timestamp    = {Tue, 24 Sep 2019 11:33:51 +0200},
  biburl       = {https://dblp.org/rec/journals/corr/abs-1909-08128.bib},
  bibsource    = {dblp computer science bibliography, https://dblp.org}
}

@inproceedings{Mosca2022,
    title = "{SHAP}-Based Explanation Methods: A Review for {NLP} Interpretability",
    author = "Mosca, Edoardo  and
      Szigeti, Ferenc  and
      Tragianni, Stella  and
      Gallagher, Daniel  and
      Groh, Georg",
    booktitle = "Proceedings of the 29th International Conference on Computational Linguistics",
    month = {10},
    year = "2022",
    address = "Gyeongju, Republic of Korea",
    publisher = "International Committee on Computational Linguistics",
    url = "https://aclanthology.org/2022.coling-1.406",
    pages = "4593--4603",
}


@misc{SHAPtextplot,
   author = {Scott Lundberg},
   journal = {SHAP documentation},
   month = {12},
   title = {\texttt\{text\} plot},
   url = {https://shap.readthedocs.io/en/latest/example_notebooks/api_examples/plots/text.html},
   year = {2020},
   urldate = {2023-06-26}
}


@misc{Dillon2021,
   author = {Eleanor Dillon and Jacob LaRiviere and Scott Lundberg and Jonathan Roth and Vasilis Syrgkanis},
   month = {5},
   title = {Be Careful When Interpreting Predictive Models in Search of Causal Insights: A Joint Article About Causality and Interpretable Machine Learning With Eleanor Dillon, Jacob LaRiviere, Scott Lundberg, Jonathan Roth, and Vasilis Syrgkanis From Microsoft},
   url = {https://shap.readthedocs.io/en/latest/example_notebooks/overviews/Be\%20careful\%20when\%20interpreting\%20predictive\%20models\%20in\%20search\%20of\%20causal\%C2\%A0insights.html},
   year = {2021},
   urldate = {2023-06-26}
}


@inproceedings{Kokalj2021,
    title = "{BERT} meets Shapley: Extending {SHAP} Explanations to Transformer-based Classifiers",
    author = "Kokalj, Enja  and
      {\v{S}}krlj, Bla{\v{z}}  and
      Lavra{\v{c}}, Nada  and
      Pollak, Senja  and
      Robnik-{\v{S}}ikonja, Marko",
    booktitle = "Proceedings of the EACL Hackashop on News Media Content Analysis and Automated Report Generation",
    month = apr,
    year = "2021",
    address = "Online",
    publisher = "Association for Computational Linguistics",
    url = "https://aclanthology.org/2021.hackashop-1.3",
    pages = "16--21",
}

@book{Shapley1952,
author="Shapley, Lloyd S.",
title="A Value for N-Person Games",
address="Santa Monica, CA",
year="1952",
doi="10.7249/P0295",
publisher="RAND Corporation"
}

@incollection{SHAP,
title = {A Unified Approach to Interpreting Model Predictions},
author = {Lundberg, Scott M and Lee, Su-In},
booktitle = {Advances in Neural Information Processing Systems 30},
editor = {I. Guyon and U. V. Luxburg and S. Bengio and H. Wallach and R. Fergus and S. Vishwanathan and R. Garnett},
pages = {4765--4774},
year = {2017},
publisher = {Curran Associates, Inc.},
url = {http://papers.nips.cc/paper/7062-a-unified-approach-to-interpreting-model-predictions.pdf}
}

@book{Eisenstein2019,
   author = {Jacob Eisenstein},
   isbn = {9780262042840},
   month = {10},
   publisher = {The MIT Press},
   title = {Introduction to Natural Language Processing},
   url = {https://mitpress.mit.edu/9780262042840/introduction-to-natural-language-processing/},
   year = {2019},
}

@book{Vajjala2020,
   author = {Sowmya Vajjala and Bodhisattwa Majumder and Anuj Gupta and Harshit Surana},
   city = {Sebastopol},
   edition = {1},
   isbn = {9781492054054},
   month = {6},
   publisher = {O'Reilly Media, Inc.},
   title = {Practical Natural Language Processing},
   year = {2020},
}

@article{Blom2015,
    title = {Click bait: Forward-reference as lure in online news headlines},
    journal = {Journal of Pragmatics},
    volume = {76},
    pages = {87-100},
    year = {2015},
    issn = {0378-2166},
    doi = {10.1016/j.pragma.2014.11.010},
    url = {https://www.sciencedirect.com/science/article/pii/S0378216614002410},
    author = {Jonas Nygaard Blom and Kenneth Reinecke Hansen},
}

@inproceedings{Chen2015,
    author = {Chen, Yimin and Conroy, Niall J. and Rubin, Victoria L.},
    title = {Misleading Online Content: Recognizing Clickbait as "False News"},
    year = {2015},
    isbn = {9781450339872},
    publisher = {Association for Computing Machinery},
    address = {New York, NY, USA},
    url = {https://doi.org/10.1145/2823465.2823467},
    doi = {10.1145/2823465.2823467},
    booktitle = {Proceedings of the 2015 ACM on Workshop on Multimodal Deception Detection},
    pages = {15–19},
    numpages = {5},
    city = {Seattle},
    series = {WMDD '15},
}

@article{Wright2022,
   author = {Chrysalis Wright and Kwame Gatlin and Damaris Acosta and Christopher Taylor},
   doi = {https://doi.org/10.1080/10646175.2022.2065458},
   issue = {1},
   journal = {Howard Journal of Communications},
   month = {4},
   pages = {19-41},
   title = {Portrayals of the Black Lives Matter Movement in Hard and Fake News and Consumer Attitudes Toward African Americans},
   volume = {31},
   year = {2022},
}

@article{World2017,
   author = {The World},
   journal = {The World},
   month = {11},
   title = {In Myanmar, fake news spread on Facebook stokes ethnic violence},
   url = {https://theworld.org/stories/2017-11-01/myanmar-fake-news-spread-facebook-stokes-ethnic-violence},
   year = {2017},
}

@article{Fisher2016,
   author = {Marc Fisher and John Woodwow Cox and Peter Hermann},
   journal = {The Washington Post},
   title = {Pizzagate: From rumor, to hashtag, to gunfire in D.C.},
   url = {https://www.washingtonpost.com/local/pizzagate-from-rumor-to-hashtag-to-gunfire-in-dc/2016/12/06/4c7def50-bbd4-11e6-94ac-3d324840106c_story.html},
   year = {2016},
}

@article{Soll2016,
   author = {Jacob Soll},
   journal = {POLITICO Magazine},
   month = {12},
   title = {The Long and Brutal History of Fake News},
   url = {https://www.politico.com/magazine/story/2016/12/fake-news-history-long-violent-214535/},
   year = {2016},
   urldate = {2023-06-22}
}

@inproceedings{Nadeem2021,
    title = "{S}tereo{S}et: Measuring stereotypical bias in pretrained language models",
    author = "Nadeem, Moin  and
      Bethke, Anna  and
      Reddy, Siva",
    booktitle = "Proceedings of the 59th Annual Meeting of the Association for Computational Linguistics and the 11th International Joint Conference on Natural Language Processing (Volume 1: Long Papers)",
    month = aug,
    year = "2021",
    address = "Online",
    publisher = "Association for Computational Linguistics",
    url = "https://aclanthology.org/2021.acl-long.416",
    doi = "10.18653/v1/2021.acl-long.416",
    pages = "5356--5371",
}

@article{TanCelis2019,
   author = {Yi Chern Tan and L. Elisa Celis},
   issn = {10495258},
   journal = {Advances in Neural Information Processing Systems},
   month = {11},
   publisher = {Neural information processing systems foundation},
   title = {Assessing Social and Intersectional Biases in Contextualized Word Representations},
   volume = {32},
   url = {https://arxiv.org/abs/1911.01485v1},
   year = {2019},
}

@misc{Gilburt2019,
   author = {Ben Gilburt},
   journal = {Towards Data Science},
   month = {11},
   title = {Gender bias in GPT-2},
   url = {https://towardsdatascience.com/gender-bias-in-gpt-2-acf65dc84bd8},
   year = {2019},
   urldate = {2023-06-25}
}

@article{Hooker2020,
   author = {Sara Hooker and Nyalleng Moorosi and Gregory Clark and Samy Bengio and Emily Denton},
   doi = {https://doi.org/10.48550/arXiv.2010.03058},
   month = {10},
   title = {Characterising Bias in Compressed Models},
   url = {https://arxiv.org/abs/2010.03058v2},
   year = {2020},
}

@inproceedings{Basta2019,
   author = {Christine Basta and Marta R. Costa-jussà and Noe Casas},
   city = {Stroudsburg, PA, USA},
   doi = {10.18653/v1/W19-3805},
   journal = {Proceedings of the First Workshop on Gender Bias in Natural Language Processing},
   month = {9},
   pages = {33-39},
   publisher = {Association for Computational Linguistics},
   title = {Evaluating the Underlying Gender Bias in Contextualized Word Embeddings},
   url = {https://www.aclweb.org/anthology/W19-3805},
   year = {2019},
}

@article{Vig2020,
   author = {Jesse Vig and Sebastian Gehrmann and Yonatan Belinkov and Sharon Qian and Daniel Nevo and Yaron Singer and Stuart Shieber},
   journal = {Advances in Neural Information Processing Systems},
   pages = {12388-12401},
   title = {Investigating Gender Bias in Language Models Using Causal Mediation Analysis},
   volume = {33},
   url = {https://proceedings.neurips.cc/paper_files/paper/2020/file/92650b2e92217715fe312e6fa7b90d82-Paper.pdf},
   year = {2020},
}

@article{Bommasani2020,
   author = {Rishi Bommasani and Kelly Davis and Claire Cardie},
   doi = {10.18653/V1/2020.ACL-MAIN.431},
   isbn = {9781952148255},
   issn = {0736587X},
   journal = {Proceedings of the Annual Meeting of the Association for Computational Linguistics},
   pages = {4758-4781},
   publisher = {Association for Computational Linguistics (ACL)},
   title = {Interpreting Pretrained Contextualized Representations via Reductions to Static Embeddings},
   url = {https://aclanthology.org/2020.acl-main.431},
   year = {2020},
}

@article{Kurita2019,
   author = {Keita Kurita and Nidhi Vyas and Ayush Pareek and Alan W Black and Yulia Tsvetkov},
   doi = {10.18653/v1/w19-3823},
   month = {6},
   pages = {166-172},
   publisher = {Association for Computational Linguistics (ACL)},
   title = {Measuring Bias in Contextualized Word Representations},
   url = {https://arxiv.org/abs/1906.07337v1},
   year = {2019},
}

@misc{Rodriguez2022,
   author = {Alexandra Rodríguez Rodríguez and Diego Velázquez and Jordi González Sabaté and Clàudia Nadal Sabaté and Clara Calderó Delgado and Júlia Pírez Curell and Núria Millán Iniesta and Laura Riba Singla},
   city = {Barcelona},
   month = {2},
   publisher = {Universitat Autònoma de Barcelona},
   title = {Racismo digital y COVID-19: Discursos racistas y antirracistas en Twitter durante la pandemia},
   url = {https://www.uab.cat/doc/informeracismodigitalycovid19cast},
   year = {2022},
   urldate = {2023-06-25}
}

@inproceedings{datasets,
author = {Lhoest, Quentin and Villanova del Moral, Albert and von Platen, Patrick and Wolf, Thomas and Šaško, Mario and Jernite, Yacine and Thakur, Abhishek and Tunstall, Lewis and Patil, Suraj and Drame, Mariama and Chaumond, Julien and Plu, Julien and Davison, Joe and Brandeis, Simon and Sanh, Victor and Le Scao, Teven and Canwen Xu, Kevin and Patry, Nicolas and Liu, Steven and McMillan-Major, Angelina and Schmid, Philipp and Gugger, Sylvain and Raw, Nathan and Lesage, Sylvain and Lozhkov, Anton and Carrigan, Matthew and Matussière, Théo and von Werra, Leandro and Debut, Lysandre and Bekman, Stas and Delangue, Clément},
booktitle = {Proceedings of the 2021 Conference on Empirical Methods in Natural Language Processing: System Demonstrations},
month = nov,
pages = {175--184},
publisher = {Association for Computational Linguistics},
title = {{Datasets: A Community Library for Natural Language Processing}},
url = {https://aclanthology.org/2021.emnlp-demo.21},
year = {2021}
}

@article{transformers,
   author = {Thomas Wolf and Lysandre Debut and Victor Sanh and Julien Chaumond and Clement Delangue and Anthony Moi and Pierric Cistac and Tim Rault and Rémi Louf and Morgan Funtowicz and Joe Davison and Sam Shleifer and Patrick von Platen and Clara Ma and Yacine Jernite and Julien Plu and Canwen Xu and Teven Le Scao and Sylvain Gugger and Mariama Drame and Quentin Lhoest and Alexander M. Rush},
   month = {10},
   title = {HuggingFace's Transformers: State-of-the-art Natural Language Processing},
   url = {https://arxiv.org/abs/1910.03771v5},
   year = {2019},
}

@incollection{pytorch,
title = {PyTorch: An Imperative Style, High-Performance Deep Learning Library},
author = {Paszke, Adam and Gross, Sam and Massa, Francisco and Lerer, Adam and Bradbury, James and Chanan, Gregory and Killeen, Trevor and Lin, Zeming and Gimelshein, Natalia and Antiga, Luca and Desmaison, Alban and Kopf, Andreas and Yang, Edward and DeVito, Zachary and Raison, Martin and Tejani, Alykhan and Chilamkurthy, Sasank and Steiner, Benoit and Fang, Lu and Bai, Junjie and Chintala, Soumith},
booktitle = {Advances in Neural Information Processing Systems 32},
pages = {8024--8035},
year = {2019},
publisher = {Curran Associates, Inc.},
url = {http://papers.neurips.cc/paper/9015-pytorch-an-imperative-style-high-performance-deep-learning-library.pdf}
}

@book{nltk,
  title={Natural language processing with Python: analyzing text with the natural language toolkit},
  author={Bird, Steven and Klein, Ewan and Loper, Edward},
  year={2009},
  publisher={{O}'Reilly Media, Inc.}
}

@book{pickle, 
  title={The Python Library Reference, release 3.8.2},
  author={Van Rossum, Guido}, 
  year={2020}, 
  publisher={Python Software Foundation} 
}

@article{scikit,
author = {Pedregosa, Fabian and Varoquaux, Ga\"{e}l and Gramfort, Alexandre and Michel, Vincent and Thirion, Bertrand and Grisel, Olivier and Blondel, Mathieu and Prettenhofer, Peter and Weiss, Ron and Dubourg, Vincent and Vanderplas, Jake and Passos, Alexandre and Cournapeau, David and Brucher, Matthieu and Perrot, Matthieu and Duchesnay, \'{E}douard},
title = {Scikit-Learn: Machine Learning in Python},
year = {2011},
issue_date = {2/1/2011},
publisher = {JMLR.org},
volume = {12},
number = {null},
issn = {1532-4435},
journal = {J. Mach. Learn. Res.},
month = {11},
pages = {2825–2830},
numpages = {6}
}

@inproceedings{pandas,
   author = {Wes McKinney},
   doi = {10.25080/Majora-92bf1922-00a},
   editor = {Stéfan van der Walt and Jarrod Millman},
   journal = {Proceedings of the 9th Python in Science Conference },
   pages = {56-61},
   title = {Data Structures for Statistical Computing in Python},
   year = {2010},
}

@article{numpy,
   author = {Charles R. Harris and K. Jarrod Millman and Stéfan J. van der Walt and Ralf Gommers and Pauli Virtanen and David Cournapeau and Eric Wieser and Julian Taylor and Sebastian Berg and Nathaniel J. Smith and Robert Kern and Matti Picus and Stephan Hoyer and Marten H. van Kerkwijk and Matthew Brett and Allan Haldane and Jaime Fernández del Río and Mark Wiebe and Pearu Peterson and Pierre Gérard-Marchant and Kevin Sheppard and Tyler Reddy and Warren Weckesser and Hameer Abbasi and Christoph Gohlke and Travis E. Oliphant},
   doi = {10.1038/S41586-020-2649-2},
   issn = {14764687},
   issue = {7825},
   journal = {Nature},
   month = {9},
   pages = {357-362},
   pmid = {32939066},
   publisher = {Nature Research},
   title = {Array programming with NumPy},
   volume = {585},
   url = {https://doi.org/10.1038/s41586-020-2649-2},
   year = {2020},
}

@misc{coreutils,
   author = {Pádraig Brady},
   month = {9},
   title = {coreutils-8.28 [stable]},
   url = {https://lists.gnu.org/archive/html/coreutils-announce/2017-09/msg00000.html},
   year = {2017},
   urldate = {2023-06-24}
}

@conference{jupyter,
Title = {Jupyter Notebooks -- a publishing format for reproducible computational workflows},
Author = {Thomas Kluyver and Benjamin Ragan-Kelley and Fernando P{\'e}rez and Brian Granger and Matthias Bussonnier and Jonathan Frederic and Kyle Kelley and Jessica Hamrick and Jason Grout and Sylvain Corlay and Paul Ivanov and Dami{\'a}n Avila and Safia Abdalla and Carol Willing},
Booktitle = {Positioning and Power in Academic Publishing: Players, Agents and Agendas},
Editor = {F. Loizides and B. Schmidt},
Organization = {IOS Press},
Pages = {87 - 90},
Year = {2016}
}

@book{python,
 author = {Van Rossum, Guido and Drake, Fred L.},
 title = {Python 3 Reference Manual},
 year = {2009},
 isbn = {1441412697},
 publisher = {CreateSpace},
 address = {Scotts Valley, CA}
}

@article{Yang2019,
   author = {Zhilin Yang and Zihang Dai and Yiming Yang and Jaime Carbonell and Ruslan Salakhutdinov and Quoc V. Le},
   issn = {10495258},
   journal = {Advances in Neural Information Processing Systems},
   month = {6},
   publisher = {Neural information processing systems foundation},
   title = {XLNet: Generalized Autoregressive Pretraining for Language Understanding},
   volume = {32},
   url = {https://arxiv.org/abs/1906.08237v2},
   year = {2019},
}

@article{Ott2018,
   author = {Myle Ott and Sergey Edunov and David Grangier and Michael Auli},
   doi = {10.18653/v1/w18-6301},
   isbn = {9781948087810},
   journal = {WMT 2018 - 3rd Conference on Machine Translation, Proceedings of the Conference},
   month = {6},
   pages = {1-9},
   publisher = {Association for Computational Linguistics (ACL)},
   title = {Scaling Neural Machine Translation},
   volume = {1},
   url = {https://arxiv.org/abs/1806.00187v3},
   year = {2018},
}

@article{You2019,
   author = {Yang You and Jing Li and Sashank Reddi and Jonathan Hseu and Sanjiv Kumar and Srinadh Bhojanapalli and Xiaodan Song and James Demmel and Kurt Keutzer and Cho-Jui Hsieh and Uc Berkeley},
   month = {4},
   title = {Large Batch Optimization for Deep Learning: Training BERT in 76 minutes},
   url = {https://arxiv.org/abs/1904.00962v5},
   year = {2019},
}

@article{Hinton2015,
   author = {Geoffrey Hinton and Oriol Vinyals and Jeff Dean},
   keywords = {()},
   month = {3},
   title = {Distilling the Knowledge in a Neural Network},
   url = {http://arxiv.org/abs/1503.02531},
   year = {2015},
}

@article{Bucila2006,
   author = {Cristian Bucilǎ and Rich Caruana and Alexandra Niculescu-Mizil},
   doi = {10.1145/1150402.1150464},
   isbn = {1595933395},
   journal = {Proceedings of the ACM SIGKDD International Conference on Knowledge Discovery and Data Mining},
   keywords = {Measure-ment,Model Compression,Performance,Reliability Keywords: Supervised Learning,Supervised Learning},
   pages = {535-541},
   title = {Model compression},
   volume = {2006},
   url = {https://dl.acm.org/doi/10.1145/1150402.1150464},
   year = {2006},
}

@article{Radford2018,
   author = {Alec Radford and Karthik Narasimhan and Tim Salimans and Ilya Sutskever},
   journal = {Technical Report, OpenAI},
   title = {Improving Language Understanding by Generative Pre-Training},
   url = {https://cdn.openai.com/research-covers/language-unsupervised/language_understanding_paper.pdf},
   year = {2018},
}

@article{Peters2018,
   author = {Matthew E. Peters and Mark Neumann and Mohit Iyyer and Matt Gardner and Christopher Clark and Kenton Lee and Luke Zettlemoyer},
   doi = {10.18653/v1/n18-1202},
   isbn = {9781948087278},
   journal = {NAACL HLT 2018 - 2018 Conference of the North American Chapter of the Association for Computational Linguistics: Human Language Technologies - Proceedings of the Conference},
   month = {2},
   pages = {2227-2237},
   publisher = {Association for Computational Linguistics (ACL)},
   title = {Deep contextualized word representations},
   volume = {1},
   url = {https://arxiv.org/abs/1802.05365v2},
   year = {2018},
}

@article{Szpakowski2017,
   author = {Maciej Szpakowski},
   publisher = {GitHub},
   journal = {GitHub repository},
   month = {10},
   title = {Fake News Recognition},
   url = {https://github.com/several27/FakeNewsRecognition/tree/e7822ea649a64b97e38c4f27a5f2d01d8555c7aa},
   year = {2017},
   urldate = {2023-06-13}
}
@book{Fallis2016,
     author = "Don Fallis",
     chapter = {27},
     title = "Mis- and dis-information. In: Floridi L (ed.) The Routledge Handbook of Philosophy of Information (Routledge Handbooks in Philosophy)",
     publisher = "Routledge",
     year = 2016,
     doi = {10.4324/9781315757544.ch27},
     pages = {332–346},
     URL = {https://www.routledgehandbooks.com/doi/10.4324/9781315757544.ch27}
 }
@article{McCornack2014,
   abstract = {Information Manipulation Theory 2 (IMT2) is a propositional theory of deceptive discourse production that conceptually frames deception as involving the covert manipulation of information along mul...},
   author = {Steven A. McCornack and Kelly Morrison and Jihyun Esther Paik and Amy M. Wisner and Xun Zhu},
   doi = {10.1177/0261927X14534656},
   issn = {15526526},
   issue = {4},
   journal = {Journal of Language and Social Psychology},
   keywords = {deception,deceptive message production,information manipulation},
   month = {6},
   pages = {348-377},
   publisher = {SAGE PublicationsSage CA: Los Angeles, CA},
   title = {Information Manipulation Theory 2},
   volume = {33},
   url = {https://journals.sagepub.com/doi/10.1177/0261927X14534656},
   year = {2014},
}
@article{McCornack2009,
   abstract = {One way of thinking about how deceptive messages are generated is in terms of how the information that interactants possess is manipulated within the messages that they produce. Information Manipul...},
   author = {Steven A. McCornack},
   doi = {10.1080/03637759209376245},
   issn = {14795787},
   issue = {1},
   journal = {Communication Monographs},
   pages = {1-16},
   publisher = { Taylor & Francis Group },
   title = {Information manipulation theory},
   volume = {59},
   url = {https://www.tandfonline.com/doi/abs/10.1080/03637759209376245},
   year = {2009},
}
@article{Myers2009,
   author = {Martin G. Myers and Diego Pineda},
   doi = {10.1016/B978-0-12-369408-9.00017-2},
   isbn = {978-0-12-369408-9},
   journal = {Vaccines for Biodefense and Emerging and Neglected Diseases},
   month = {1},
   pages = {255-270},
   publisher = {Academic Press},
   title = {Misinformation about Vaccines},
   year = {2009},
}
@article{Venkatesan2014,
   author = {Srikanth Venkatesan and Wencui Han and Raj Sharman},
   journal = {ICIS 2014 Proceedings},
   month = {12},
   title = {A Response Quality Model for Online Health Communities},
   url = {https://aisel.aisnet.org/icis2014/proceedings/ISHealthcare/25},
   year = {2014},
}
@article{Rai2017,
   author = {Arun Rai},
   issn = {ISSN 0276-7783/ISSN 2162-9730},
   issue = {2},
   journal = {Management Information Systems Quarterly},
   month = {6},
   pages = {v},
   title = {Editor's Comments:  Avoiding Type III Errors:  Formulating IS Research Problems that Matter},
   volume = {41},
   url = {https://aisel.aisnet.org/misq/vol41/iss2/2},
   year = {2017},
}
@article{Suddaby2010,
   author = {Roy Suddaby},
   doi = {10.5465/AMR.2010.51141319},
   issn = {03637425},
   issue = {3},
   journal = {Academy of Management Review},
   month = {1},
   pages = {346-357},
   publisher = {Academy of Management},
   title = {Editor's comments: Construct clarity in theories of management and organization},
   volume = {35},
   url = {https://www.researchgate.net/publication/256843202_Editor's_Comments_Construct_Clarity_in_Theories_of_Management_and_Organization},
   year = {2010},
}
@article{Zhang2016,
   author = {Meng Zhang and Guy Gable and Arun Rai},
   doi = {10.3127/ajis.v20i0.1123},
   issn = {1449-8618},
   journal = {Australasian Journal of Information Systems},
   month = {2},
   publisher = {Australian Computer Society},
   title = {Toward Principles of Construct Clarity: Exploring the Usefulness of Facet Theory in Guiding Conceptualization},
   volume = {20},
   url = {http://journal.acs.org.au/index.php/ajis/article/view/1123},
   year = {2016},
}

@article{MacKenzie2011,
   author = {Scott B. MacKenzie and Philip M. Podsakoff and Nathan P. Podsakoff},
   doi = {10.2307/23044045},
   issn = {02767783},
   issue = {2},
   journal = {MIS Quarterly: Management Information Systems},
   keywords = {Construct validation procedures,Content, convergent, discriminant and nomological validity,Formative and reflective indicator models,Scale development and validation},
   pages = {293-334},
   publisher = {University of Minnesota},
   title = {Construct measurement and validation procedures in MIS and behavioral research: Integrating new and existing techniques},
   volume = {35},
   year = {2011},
}
@article{Reid2017,
   author = {David Reid},
   city = {Englewood Cliffs},
   journal = {Consumer News and Business Channel},
   month = {2},
   title = {{US} readers confuse {F}acebook for a news outlet},
   url = {https://www.cnbc.com/2017/02/10/us-readers-confuse-facebook-for-a-news-outlet.html},
   year = {2017},
   urldate  = {2022-06-20}
}
@article{Rochlin2017,
   author = {Nick Rochlin},
   doi = {10.1108/LHT-03-2017-0062},
   issn = {0737-8831},
   issue = {3},
   journal = {Library Hi Tech},
   month = {9},
   pages = {386-392},
   title = {Fake news: belief in post-truth},
   volume = {35},
   year = {2017},
   urldate  = {2022-06-20}
}
@misc{MerriamWebster,
   author = {Merriam-Webster},
   title = {{How Is `Fake News' Defined, and When Will It Be Added to the Dictionary?}},
   url = {https://www.merriam-webster.com/words-at-play/the-real-story-of-fake-news},
   year = {2017},
   urldate  = {2022-06-20}
}
@article{Read2016,
   author = {Max Read},
   city = {New York},
   journal = {New York Magazine},
   month = {11},
   title = {{Donald Trump Won Because of Facebook}},
   url = {https://nymag.com/intelligencer/2016/11/donald-trump-won-because-of-facebook.html},
   year = {2016},
   urldate  = {2022-06-20}
}
@article{Dewey2014,
   author = {Caitlin Dewey},
   city = {Washington},
   journal = {The Washington Post},
   month = {10},
   title = {{This is not an interview with Banksy}},
   url = {https://www.washingtonpost.com/news/the-intersect/wp/2014/10/21/this-is-not-an-interview-with-banksy/},
   year = {2014},
   urldate  = {2022-06-20}
}
@article{Parkinson2016,
   author = {Hannah Jane Parkinson},
   city = {London},
   journal = {The Guardian},
   month = {11},
   title = {{Click and elect: how fake news helped Donald Trump win a real election}},
   url = {https://www.theguardian.com/commentisfree/2016/nov/14/fake-news-donald-trump-election-alt-right-social-media-tech-companies},
   year = {2016},
   urldate  = {2022-06-20}
}
@article{Gottfried2016,
   author = {Jeffrey Gottfried and Elisa Shearer},
   city = {Washington},
   journal = {Pew Research Center},
   month = {5},
   title = {{News Use Across Social Media Platforms 2016}},
   url = {https://www.pewresearch.org/journalism/2016/05/26/news-use-across-social-media-platforms-2016/},
   year = {2016},
   urldate  = {2022-06-20}
}
@misc{CITSa,
   author = {{CITS, University of California Santa Barbara}},
   title = {{The Danger of Fake News in Inflaming or Suppressing Social Conflict}},
   url = {https://www.cits.ucsb.edu/fake-news/danger-social},
   urldate  = {2022-06-20}
}
@misc{CNNMoney,
   author = {Florence Davey-Attlee and Isa Soares},
   journal = {CNN Money},
   title = {The fake news machine: Inside a town gearing up for 2020},
   url = {"https://money.cnn.com/interactive/media/the-macedonia-story/"},
   urldate  = {2022-06-20}
}
@article{Shallue2018,
   author = {Christopher J. Shallue and Jaehoon Lee and Joseph Antognini and Jascha Sohl-Dickstein and Roy Frostig and George E. Dahl},
   issn = {15337928},
   journal = {Journal of Machine Learning Research},
   keywords = {Batch size,Data parallelism,Deep learning,Neural networks,Stochastic gradient descent},
   month = {11},
   pages = {1-49},
   publisher = {Microtome Publishing},
   title = {{Measuring the Effects of Data Parallelism on Neural Network Training}},
   volume = {20},
   url = {https://arxiv.org/abs/1811.03600v3},
   year = {2018},
}
@book{Goodfellow2016,
   author = {Ian Goodfellow and Yoshua Bengio and Aaron Courville},
   city = {Cambridge},
   month = {11},
   publisher = {The MIT Press},
   title = {Deep Learning},
   year = {2016},
}
@article{He2020,
   author = {Pengcheng He and Xiaodong Liu and Jianfeng Gao and Weizhu Chen and Microsoft Dynamics},
   month = {6},
   title = {DeBERTa: Decoding-enhanced BERT with Disentangled Attention},
   url = {https://arxiv.org/abs/2006.03654v6},
   year = {2020},
}
@inproceedings{Parry2022,
   author = {Jack Parry and Eric DeMattos and Anita Klementiev and Axel Ind and Daniela Morse-Kopp and Georgia Clarke and Dimitri Palaz},
   city = {ISCA},
   doi = {10.21437/Interspeech.2022-10581},
   journal = {Interspeech 2022},
   month = {9},
   pages = {1158-1162},
   publisher = {ISCA},
   title = {Speech Emotion Recognition in the Wild using Multi-task and Adversarial Learning},
   year = {2022},
}
@article{Radford,
   author = {Alec Radford and Jeffrey Wu and Rewon Child and David Luan and Dario Amodei and Ilya Sutskever},
   title = {Language Models are Unsupervised Multitask Learners},
   url = {https://d4mucfpksywv.cloudfront.net/better-language-models/language-models.pdf}
}
@article{Sanh2019,
   author = {Victor Sanh and Lysandre Debut and Julien Chaumond and Thomas Wolf},
   month = {10},
   title = {DistilBERT, a distilled version of BERT: smaller, faster, cheaper and lighter},
   url = {https://arxiv.org/abs/1910.01108v4},
   year = {2019},
}
@article{Clark2020,
   author = {Kevin Clark and Minh-Thang Luong and Google Brain and Quoc V Le Google Brain and Christopher D Manning},
   month = {3},
   title = {ELECTRA: Pre-training Text Encoders as Discriminators Rather Than Generators},
   url = {https://arxiv.org/abs/2003.10555v1},
   year = {2020},
}
@article{Wang2021,
   author = {Congcong Wang and Paul Nulty and David Lillis},
   keywords = {Disaster Response,Natural Language Processing,Transformers,Tweet Analysis},
   month = {10},
   title = {Transformer-based Multi-task Learning for Disaster Tweet Categorisation},
   url = {https://arxiv.org/abs/2110.08010v1},
   year = {2021},
}
@article{Rei2017,
   author = {Marek Rei},
   doi = {10.18653/V1/P17-1194},
   isbn = {9781945626753},
   journal = {ACL 2017 - 55th Annual Meeting of the Association for Computational Linguistics, Proceedings of the Conference (Long Papers)},
   pages = {2121-2130},
   publisher = {Association for Computational Linguistics (ACL)},
   title = {Semi-supervised Multitask Learning for Sequence Labeling},
   volume = {1},
   url = {https://aclanthology.org/P17-1194},
   year = {2017},
}
@article{Silverman2016,
   author = {Craig Silverman},
   city = {New York},
   journal = {BuzzFeed News},
   month = {11},
   title = {This Analysis Shows How Viral Fake Election News Stories Outperformed Real News On Facebook},
   url = {https://www.buzzfeednews.com/article/craigsilverman/viral-fake-election-news-outperformed-real-news-on-facebook},
   year = {2016},
   urldate  = {2022-06-13}
}
@article{CNA,
   author = {Channel NewsAsia},
   city = {Singapore},
   journal = {Channel NewsAsia},
   month = {4},
   title = {Government ‘seriously considering’ how to deal with fake news: Shanmugam},
   url = {https://web.archive.org/web/20170809191853/http://www.channelnewsasia.com/news/singapore/government--seriously-considering--how-to-deal-with-fake-news-sh-8712436?view=DEFAULT},
   year = {2017},
   urldate  = {2022-06-13}
}
@article{Subramanian2017,
   author = {Samanth Subramanian},
   city = {San Francisco},
   journal = {WIRED},
   month = {2},
   title = {{Inside the Macedonian Fake-News Complex}},
   url = {https://www.wired.com/2017/02/veles-macedonia-fake-news/},
   year = {2017},
   urldate  = {2022-06-13}
}
@article{Tandoc2018,
   author = {Edson C. Tandoc and Joy Jenkins and Stephanie Craft},
   doi = {10.1080/17512786.2018.1562958},
   issn = {17512794},
   journal = {Journalism Practice},
   keywords = {Boundary work,critical incident,editorials,fake news,journalism,social media},
   publisher = {Routledge},
   title = {Fake News as a Critical Incident in Journalism},
   year = {2018},
}
@article{AlcottGentzkow2017,
   author = {Hunt Allcott and Matthew Gentzkow},
   doi = {10.1257/JEP.31.2.211},
   issn = {0895-3309},
   issue = {2},
   journal = {Journal of Economic Perspectives},
   keywords = {Economic Anthropology,Language,Media, Economic Sociology,Social and Economic Stratification},
   month = {3},
   pages = {211-36},
   publisher = {American Economic Association},
   title = {Social Media and Fake News in the 2016 Election},
   volume = {31},
   url = {https://doi.org/10.1257/jep.31.2.211},
   year = {2017},
}
@article{Taylor1953,
   author = {Wilson L. Taylor},
   doi = {10.1177/107769905303000401},
   issn = {0022-5533},
   issue = {4},
   journal = {Journalism \& Mass Communication Quarterly},
   month = {9},
   pages = {415-433},
   publisher = {SAGE PublicationsSage CA: Los Angeles, CA},
   title = {“Cloze Procedure”: A New Tool for Measuring Readability},
   volume = {30},
   url = {https://journals.sagepub.com/doi/10.1177/107769905303000401},
   year = {1953},
}
@article{Devlin2018,
   author = {Jacob Devlin and Ming Wei Chang and Kenton Lee and Kristina Toutanova},
   isbn = {9781950737130},
   journal = {NAACL HLT 2019 - 2019 Conference of the North American Chapter of the Association for Computational Linguistics: Human Language Technologies - Proceedings of the Conference},
   month = {10},
   pages = {4171-4186},
   publisher = {Association for Computational Linguistics (ACL)},
   title = {BERT: Pre-training of Deep Bidirectional Transformers for Language Understanding},
   volume = {1},
   url = {https://arxiv.org/abs/1810.04805v2},
   year = {2018},
}

@article{Gomez2019,
   author = {Raul Gomez and Jaume Gibert and Lluis Gomez and Dimosthenis Karatzas},
   doi = {10.1109/WACV45572.2020.9093414},
   isbn = {9781728165530},
   journal = {Proceedings - 2020 IEEE Winter Conference on Applications of Computer Vision, WACV 2020},
   month = {10},
   pages = {1459-1467},
   publisher = {Institute of Electrical and Electronics Engineers Inc.},
   title = {Exploring Hate Speech Detection in Multimodal Publications},
   url = {https://arxiv.org/abs/1910.03814v1},
   year = {2019},
}
@article{Minal2022,
   author = {Minal Nirav Shah and Amit Ganatra},
   doi = {10.1007/S13278-022-00995-5/FIGURES/5},
   issn = {18695469},
   issue = {1},
   journal = {Social Network Analysis and Mining},
   keywords = {Dataset utilized,Deep learning,Fake news detection models,Machine learning,Recorded performance metrics,Research gaps and challenges,Simulation platforms},
   month = {12},
   pages = {1-21},
   publisher = {Springer},
   title = {A systematic literature review and existing challenges toward fake news detection models},
   volume = {12},
   url = {https://link.springer.com/article/10.1007/s13278-022-00995-5},
   year = {2022},
}
@article{Lazer2018,
   author = {David M.J. Lazer and Matthew A. Baum and Yochai Benkler and Adam J. Berinsky and Kelly M. Greenhill and Filippo Menczer and Miriam J. Metzger and Brendan Nyhan and Gordon Pennycook and David Rothschild and Michael Schudson and Steven A. Sloman and Cass R. Sunstein and Emily A. Thorson and Duncan J. Watts and Jonathan L. Zittrain},
   doi = {10.1126/SCIENCE.AAO2998/SUPPL_FILE/AAO2998_LAZER_SM.PDF},
   issn = {10959203},
   issue = {6380},
   journal = {Science},
   month = {3},
   pages = {1094-1096},
   pmid = {29590025},
   publisher = {American Association for the Advancement of Science},
   title = {The science of fake news: Addressing fake news requires a multidisciplinary effort},
   volume = {359},
   url = {https://www.science.org/doi/10.1126/science.aao2998},
   year = {2018},
}
@article{Wardle2018a,
   author = {Claire Wardle},
   doi = {10.1080/21670811.2018.1502047},
   issn = {2167-0811},
   issue = {8},
   journal = {Digital Journalism},
   keywords = {disinformation,information disorder,journalism,misinformation},
   month = {9},
   pages = {951-963},
   publisher = {Routledge},
   title = {The Need for Smarter Definitions and Practical, Timely Empirical Research on Information Disorder},
   volume = {6},
   url = {https://www.tandfmisc.com/doi/full/10.1080/21670811.2018.1502047},
   year = {2018},
}
@article{Wardle2018b,
   author = {Claire Wardle},
   journal = {Harvard Business Review},
   month = {7},
   title = {How We All Can Fight Misinformation},
   url = {https://hbr.org/2018/07/how-we-all-can-fight-misinformation},
   year = {2018},
}
@article{Mingers2018,
   author = {John Mingers and Craig Standing},
   doi = {10.1057/S41265-017-0038-6},
   issn = {14664437},
   issue = {2},
   journal = {Journal on Information Technology},
   keywords = {information,information systems,pragmatics,semantics,semiotics,syntactics,truth},
   month = {6},
   pages = {85-104},
   publisher = {SAGE PublicationsSage UK: London, England},
   title = {What is Information? Toward a Theory of Information as Objective and Veridical},
   volume = {33},
   url = {https://journals.sagepub.com/doi/10.1057/s41265-017-0038-6},
   year = {2018},
}
@article{Mourao2019,
   author = {Rachel R. Mourão and Craig T. Robertson},
   doi = {10.1080/1461670X.2019.1566871},
   issn = {14699699},
   issue = {14},
   journal = {Journalism Studies},
   keywords = {Fake news,misinformation,partisanship,sensationalism,social media},
   month = {10},
   pages = {2077-2095},
   publisher = {Routledge},
   title = {Fake News as Discursive Integration: An Analysis of Sites That Publish False, Misleading, Hyperpartisan and Sensational Information},
   volume = {20},
   url = {https://www.tandfmisc.com/doi/abs/10.1080/1461670X.2019.1566871},
   year = {2019},
}
@article{Khan2021,
   author = {Ali Khan and Kathryn Brohman and Shamel Addas},
   doi = {10.1177/02683962211037693/ASSET/IMAGES/LARGE/10.1177_02683962211037693-FIG3.JPEG},
   issn = {14664437},
   issue = {2},
   journal = {Journal of Information Technology},
   keywords = {Fake news,digital objects,distributedness,editability,false information,interactivity,openness},
   month = {6},
   pages = {122-143},
   publisher = {SAGE Publications Ltd},
   title = {The anatomy of ‘fake news’: Studying false messages as digital objects},
   volume = {37},
   url = {https://journals.sagepub.com/doi/10.1177/02683962211037693},
   year = {2021},
}
@article{Tandoc2017,
   author = {Edson C. Tandoc and Zheng Wei Lim and Richard Ling},
   doi = {10.1080/21670811.2017.1360143},
   issn = {2167082X},
   issue = {2},
   journal = {Digital Journalism},
   keywords = {facts,fake news,false news,misinformation,news,parody,satire},
   month = {2},
   pages = {137-153},
   publisher = {Routledge},
   title = {Defining “Fake News”},
   volume = {6},
   url = {https://www.tandfmisc.com/doi/abs/10.1080/21670811.2017.1360143},
   year = {2017},
}
@article{Giuliani2017,
   author = {Francesca Giuliani-Hoffman},
   journal = {Cable News Network},
   month = {11},
   title = {'F*** News' should be replaced by these words, Claire Wardle says},
   url = {https://money.cnn.com/2017/11/03/media/claire-wardle-fake-news-reliable-sources-podcast/index.html},
   year = {2017},
}
@misc{Wardle2017,
   author = {Claire Wardle},
   journal = {First Draft},
   month = {2},
   title = {Fake news. It's complicated.},
   url = {https://firstdraftnews.org/articles/fake-news-complicated/},
   year = {2017},
}
@article{Sydell2016,
   author = {Laura Sydell},
   journal = {National Public Radio},
   month = {11},
   title = {{We Tracked Down A Fake-News Creator In The Suburbs. Here's What We Learned}},
   url = {https://www.npr.org/sections/alltechconsidered/2016/11/23/503146770/npr-finds-the-head-of-a-covert-fake-news-operation-in-the-suburbs},
   year = {2016},
   urldate = {2023-06-07}
}
@misc{Skibinski2022,
   author = {Matt Skibinski},
   journal = {NewsGuard},
   month = {1},
   title = {Top brands are sending \$2.6 billion to misinformation websites each year},
   url = {https://www.newsguardtech.com/special-reports/brands-send-billions-to-misinformation-websites-newsguard-comscore-report/},
   year = {2022},
   urldate  = {2022-06-07}
}
@misc{Elliott2022,
   author = {Vittoria Elliott},
   journal = {WIRED},
   month = {6},
   title = {Meta Made Millions in Ads From Networks of Fake Accounts},
   url = {https://www.wired.com/story/meta-is-making-millions-from-fake-accounts/},
   year = {2022},
}
@report{Meta,
   author = {Meta Platforms Inc.},
   city = {Menlo Park},
   institution = {Meta Platforms, Inc.},
   month = {2},
   title = {Meta Reports Fourth Quarter and Full Year 2022 Results},
   url = {https://investor.fb.com/investor-news/press-release-details/2023/Meta-Reports-Fourth-Quarter-and-Full-Year-2022-Results/default.aspx},
   year = {2023},
}
@article{Tian2021,
   author = {Lin Tian and Xiuzhen Zhang and Jey Han Lau},
   doi = {10.1007/978-3-030-86486-6_37},
   isbn = {9783030864859},
   issn = {16113349},
   journal = {Lecture Notes in Computer Science (including subseries Lecture Notes in Artificial Intelligence and Lecture Notes in Bioinformatics)},
   keywords = {Cross-lingual transfer,Rumour detection,Transfer ·,Zero-shot},
   month = {9},
   pages = {603-618},
   publisher = {Springer Science and Business Media Deutschland GmbH},
   title = {Rumour Detection via Zero-shot Cross-lingual Transfer Learning},
   volume = {12975 LNAI},
   url = {https://arxiv.org/abs/2109.12773v1},
   year = {2021},
}
@article{Caliskan2017,
   author = {Aylin Caliskan and Joanna J. Bryson and Arvind Narayanan},
   doi = {10.1126/SCIENCE.AAL4230/SUPPL_FILE/CALISKAN-SM.PDF},
   issn = {10959203},
   issue = {6334},
   journal = {Science},
   month = {4},
   pages = {183-186},
   pmid = {28408601},
   publisher = {American Association for the Advancement of Science},
   title = {Semantics derived automatically from language corpora contain human-like biases},
   volume = {356},
   url = {https://www.science.org/doi/10.1126/science.aal4230},
   year = {2017},
}
@article{Silva2021,
   author = {Andrew Silva and Pradyumna Tambwekar and Matthew Gombolay},
   doi = {10.18653/V1/2021.NAACL-MAIN.189},
   isbn = {9781954085466},
   journal = {NAACL-HLT 2021 - 2021 Conference of the North American Chapter of the Association for Computational Linguistics: Human Language Technologies, Proceedings of the Conference},
   pages = {2383-2389},
   publisher = {Association for Computational Linguistics (ACL)},
   title = {Towards a Comprehensive Understanding and Accurate Evaluation of Societal Biases in Pre-Trained Transformers},
   url = {https://aclanthology.org/2021.naacl-main.189},
   year = {2021},
}
@article{Sheng2021,
   author = {Emily Sheng and Kai Wei Chang and Premkumar Natarajan and Nanyun Peng},
   doi = {10.18653/v1/2021.acl-long.330},
   isbn = {9781954085527},
   journal = {ACL-IJCNLP 2021 - 59th Annual Meeting of the Association for Computational Linguistics and the 11th International Joint Conference on Natural Language Processing, Proceedings of the Conference},
   month = {5},
   pages = {4275-4293},
   publisher = {Association for Computational Linguistics (ACL)},
   title = {Societal Biases in Language Generation: Progress and Challenges},
   url = {https://arxiv.org/abs/2105.04054v3},
   year = {2021},
}
@article{Raffel2020,
   author = {Colin Raffel and Noam Shazeer and Adam Roberts and Katherine Lee and Sharan Narang and Michael Matena and Yanqi Zhou and Wei Li and Peter J Liu},
   journal = {Journal of Machine Learning Research},
   keywords = {attention-based models,deep learning,multi-task learning,natural language processing,transfer learning},
   pages = {1-67},
   title = {Exploring the Limits of Transfer Learning with a Unified Text-to-Text Transformer},
   volume = {21},
   url = {http://jmlr.org/papers/v21/20-074.html.},
   year = {2020},
}
@article{Liu2019,
   author = {Yinhan Liu and Myle Ott and Naman Goyal and Jingfei Du and Mandar Joshi and Danqi Chen and Omer Levy and Mike Lewis and Luke Zettlemoyer and Veselin Stoyanov and Paul G Allen},
   month = {7},
   title = {RoBERTa: A Robustly Optimized BERT Pretraining Approach},
   url = {https://arxiv.org/abs/1907.11692v1},
   year = {2019},
}
@article{Vlachos2014,
   author = {Andreas Vlachos and Sebastian Riedel},
   doi = {10.3115/V1/W14-2508},
   isbn = {9781941643105},
   issn = {0736587X},
   journal = {Proceedings of the Annual Meeting of the Association for Computational Linguistics},
   pages = {18-22},
   publisher = {Association for Computational Linguistics (ACL)},
   title = {Fact Checking: Task definition and dataset construction},
   url = {https://aclanthology.org/W14-2508},
   year = {2014},
}
@article{Vo2020,
   author = {Nguyen Vo and Kyumin Lee},
   doi = {10.18653/V1/2020.EMNLP-MAIN.621},
   isbn = {9781952148606},
   journal = {EMNLP 2020 - 2020 Conference on Empirical Methods in Natural Language Processing, Proceedings of the Conference},
   pages = {7717-7731},
   publisher = {Association for Computational Linguistics (ACL)},
   title = {Where Are the Facts? Searching for Fact-checked Information to Alleviate the Spread of Fake News},
   url = {https://aclanthology.org/2020.emnlp-main.621},
   year = {2020},
}
@inproceedings{Toraman2022,
   author = {Cagri Toraman and Furkan Şahinuç and Eyup Yilmaz},
   city = {Marseille},
   journal = {Proceedings of the Thirteenth Language Resources and Evaluation Conference},
   keywords = {cross-domain transfer,hate speech detection,low-resource language,offensive language,scalability},
   month = {6},
   pages = {2215-2225},
   publisher = {European Language Resources Association},
   title = {Large-Scale Hate Speech Detection with Cross-Domain Transfer},
   url = {https://aclanthology.org/2022.lrec-1.238},
   year = {2022},
}
@article{Popat2017,
   author = {Kashyap Popat and Subhabrata Mukherjee and Jannik Strötgen and Gerhard Weikum},
   doi = {10.1145/3041021.3055133},
   isbn = {9781450349147},
   journal = {26th International World Wide Web Conference 2017, WWW 2017 Companion},
   keywords = {Credibility Analysis,Hoax Detection,Rumor,Text Mining},
   pages = {1003-1012},
   publisher = {International World Wide Web Conferences Steering Committee},
   title = {Where the truth lies: Explaining the credibility of emerging claims on the web and social media},
   url = {https://dl.acm.org/doi/10.1145/3041021.3055133},
   year = {2017},
}
@article{Abilov2021,
   author = {Anton Abilov and Yiqing Hua and Hana Matatov and Ofra Amir and Mor Naaman},
   doi = {10.1609/icwsm.v15i1.18113},
   issn = {2162-3449},
   journal = {Proceedings of the International AAAI Conference on Web and Social Media},
   month = {1},
   pages = {901-912},
   publisher = {Association for the Advancement of Artificial Intelligence (AAAI)},
   title = {VoterFraud2020: a Multi-modal Dataset of Election Fraud Claims on Twitter},
   volume = {15},
   url = {https://arxiv.org/abs/2101.08210v2},
   year = {2021},
}
@article{Gao2021,
   author = {Yang Gao and Nicolo Colombo and Royal Holloway and Wei Wang},
   isbn = {2105.03343v1},
   month = {5},
   title = {Adapting by Pruning: A Case Study on BERT},
   url = {https://arxiv.org/abs/2105.03343v1},
   year = {2021},
}
@article{Popat2018,
   author = {Kashyap Popat and Subhabrata Mukherjee and Andrew Yates and Gerhard Weikum},
   doi = {10.18653/V1/D18-1003},
   isbn = {9781948087841},
   journal = {Proceedings of the 2018 Conference on Empirical Methods in Natural Language Processing, EMNLP 2018},
   pages = {22-32},
   publisher = {Association for Computational Linguistics},
   title = {DeClarE: Debunking Fake News and False Claims using Evidence-Aware Deep Learning},
   url = {https://aclanthology.org/D18-1003},
   year = {2018},
}
@article{Xu2022,
   author = {Weizhi Xu and Junfei Wu and Qiang Liu and Shu Wu and Liang Wang},
   doi = {10.1145/3485447.3512122},
   isbn = {9781450390965},
   journal = {WWW 2022 - Proceedings of the ACM Web Conference 2022},
   keywords = {evidence-based fake news detection,graph neural networks},
   month = {1},
   pages = {2501-2510},
   publisher = {Association for Computing Machinery, Inc},
   title = {Evidence-aware Fake News Detection with Graph Neural Networks},
   url = {https://arxiv.org/abs/2201.06885v2},
   year = {2022},
}
@article{Horne2017,
   author = {Benjamin Horne and Sibel Adali},
   doi = {10.1609/icwsm.v11i1.14976},
   issn = {2334-0770},
   issue = {1},
   journal = {Proceedings of the International AAAI Conference on Web and Social Media},
   month = {5},
   pages = {759-766},
   title = {This Just In: Fake News Packs A Lot In Title, Uses Simpler, Repetitive Content in Text Body, More Similar To Satire Than Real News},
   volume = {11},
   year = {2017},
}
@article{Beer,
   author = {Dylan de Beer and Machdel Matthee},
   doi = {10.1007/978-3-030-49264-9_2},
   issn = {23673389},
   journal = {Integrated Science in Digital Age 2020},
   keywords = {Algorithms,Digital tools,Fake news,Linguistics,Machine learning,Semantics,Social media,Syntax},
   pages = {13},
   publisher = {Nature Publishing Group},
   title = {Approaches to Identify Fake News: A Systematic Literature Review},
   volume = {136},
   url = {/pmc/articles/PMC7250114/ /pmc/articles/PMC7250114/?report=abstract https://www.ncbi.nlm.nih.gov/pmc/articles/PMC7250114/},
   year = {2021},
}
@article{Bozarth2020,
   author = {Lia Bozarth and Ceren Budak},
   doi = {10.1609/ICWSM.V14I1.7279},
   isbn = {9781577357889},
   issn = {2334-0770},
   journal = {Proceedings of the International AAAI Conference on Web and Social Media},
   month = {5},
   pages = {60-71},
   publisher = {AAAI press},
   title = {Toward a Better Performance Evaluation Framework for Fake News Classification},
   volume = {14},
   url = {https://ojs.aaai.org/index.php/ICWSM/article/view/7279},
   year = {2020},
}
@article{Vaswani2017,
   author = {Ashish Vaswani and Noam Shazeer and Niki Parmar and Jakob Uszkoreit and Llion Jones and Aidan N. Gomez and Łukasz Kaiser and Illia Polosukhin},
   issn = {10495258},
   journal = {Advances in Neural Information Processing Systems},
   month = {6},
   pages = {5999-6009},
   publisher = {Neural information processing systems foundation},
   title = {Attention Is All You Need},
   volume = {2017-December},
   url = {https://arxiv.org/abs/1706.03762v5},
   year = {2017},
}
@article{Zhou2023,
   author = {Chunting Zhou and Pengfei Liu and Puxin Xu and Srini Iyer and Jiao Sun and Yuning Mao and Xuezhe Ma and Avia Efrat and Ping Yu and Lili Yu and Susan Zhang and Gargi Ghosh and Mike Lewis and Luke Zettlemoyer and Omer Levy},
   month = {5},
   title = {LIMA: Less Is More for Alignment},
   url = {https://arxiv.org/abs/2305.11206v1},
   year = {2023},
}
@book{Ahmed2017,
   author = {Hadeer Ahmed and Issa Traore and Sherif Saad},
   doi = {10.1007/978-3-319-69155-8_9},
   edition = {1},
   journal = {Intelligent, Secure, and Dependable Systems in Distributed and Cloud Environments},
   pages = {127-138},
   publisher = {Springer, Cham},
   title = {Detection of misc Fake News Using N-Gram Analysis and Machine Learning Techniques},
   volume = {10618},
   url = {http://link.springer.com/10.1007/978-3-319-69155-8_9},
   year = {2017},
}
@article{Ahmed2018,
   author = {Hadeer Ahmed and Issa Traore and Sherif Saad},
   doi = {10.1002/spy2.9},
   issn = {24756725},
   issue = {1},
   journal = {Security and Privacy},
   month = {1},
   pages = {e9},
   title = {Detecting opinion spams and fake news using text classification},
   volume = {1},
   year = {2018},
}
@book{Kulkarni2019,
   author = {Akshay Kulkarni and Adarsha Shivananda},
   city = {Berkeley},
   doi = {10.1007/978-1-4842-4267-4/COVER},
   edition = {1},
   isbn = {978-1-4842-4267-4},
   journal = {Natural Language Processing Recipes},
   month = {1},
   publisher = {Apress},
   title = {Natural Language Processing Recipes: Unlocking Text Data with Machine Learning and Deep Learning using Python},
   year = {2019},
}
@book{Allen1987,
   author = {James Allen},
   city = {California},
   isbn = {0-8053-0330-8},
   publisher = {The Benjamin/Cummings Publishing Company, Inc.},
   title = {Natural language understanding},
   year = {1987},
}
@misc{Ismiguzel2020,
   author = {Idil Ismiguzel},
   month = {5},
   title = {Applying Text Classification Using Logistic Regression},
   url = {https://medium.com/analytics-vidhya/applying-text-classification-using-logistic-regression-a-comparison-between-bow-and-tf-idf-1f1ed1b83640},
   year = {2020},
}
@inproceedings{Bhutani2019,
   author = {Bhavika Bhutani and Neha Rastogi and Priyanshu Sehgal and Archana Purwar},
   doi = {10.1109/IC3.2019.8844880},
   isbn = {978-1-7281-3591-5},
   journal = {2019 Twelfth International Conference on Contemporary Computing (IC3)},
   keywords = {Cosine similarity tf-idf,Fake News,Naive Bayes,Random Forest,sentiment},
   month = {8},
   pages = {1-5},
   publisher = {IEEE},
   title = {Fake News Detection Using Sentiment Analysis},
   url = {https://ieeexplore.ieee.org/document/8844880/},
   year = {2019},
}
